<record><leader>00000cas a22000007a 4500</leader><controlfield tag="001">9569542</controlfield><controlfield tag="008">830602d19291929ksuwr ne      0    0eng d</controlfield><controlfield tag="009">3789</controlfield><datafield ind1=" " ind2=" " tag="010"><subfield code="a">sn 83040302 </subfield></datafield><datafield ind1=" " ind2=" " tag="040"><subfield code="a">KSH</subfield><subfield code="b">eng</subfield><subfield code="c">KSH</subfield><subfield code="d">NPT</subfield><subfield code="d">DLC</subfield></datafield><datafield ind1=" " ind2=" " tag="042"><subfield code="a">msc</subfield></datafield><datafield ind1=" " ind2=" " tag="043"><subfield code="a">n-us-ks</subfield></datafield><datafield ind1="0" ind2="0" tag="245"><subfield code="a">Allen County news-journal.</subfield></datafield><datafield ind1="0" ind2="0" tag="246"><subfield code="a">Allen County news journal</subfield></datafield><datafield ind1=" " ind2=" " tag="260"><subfield code="a">Iola, Kan. :</subfield><subfield code="b">Daily News Pub. Co.,</subfield><subfield code="c">1929.</subfield></datafield><datafield ind1=" " ind2=" " tag="300"><subfield code="a">1 v. :</subfield><subfield code="b">ill. ;</subfield><subfield code="c">54 cm.</subfield></datafield><datafield ind1=" " ind2=" " tag="310"><subfield code="a">Weekly</subfield></datafield><datafield ind1="0" ind2=" " tag="362"><subfield code="a">25th year, no. 10 (July 17, 1929)-25th year, no. 18 (Sept. 11, 1929).</subfield></datafield><datafield ind1=" " ind2=" " tag="580"><subfield code="a">Merged with: Mildred reporter (non-extant), to form: Allen County news-journal and the Mildred reporter.</subfield></datafield><datafield ind1=" " ind2=" " tag="752"><subfield code="a">United States</subfield><subfield code="b">Kansas</subfield><subfield code="c">Allen</subfield><subfield code="d">Iola.</subfield></datafield><datafield ind1="0" ind2=" " tag="777"><subfield code="t">Mildred reporter</subfield><subfield code="g">July 31, 1929-Aug. 7, 1929</subfield></datafield><datafield ind1="0" ind2="4" tag="780"><subfield code="t">Daily news</subfield><subfield code="c">(Iola, Kan.)</subfield><subfield code="w">(DLC)sn 83040300</subfield></datafield><datafield ind1="0" ind2="4" tag="780"><subfield code="t">Allen County journal</subfield><subfield code="w">(DLC)sn 83040289</subfield></datafield><datafield ind1="1" ind2="7" tag="785"><subfield code="t">Mildred reporter</subfield></datafield><datafield ind1="1" ind2="7" tag="785"><subfield code="t">Allen County news-journal and the Mildred reporter</subfield><subfield code="w">(DLC)sn 83040301</subfield></datafield></record>